%%%%%%%%% NON-PARAMETRIC REGRESSION

@article{valentine_lipschitz_1945,
	title = {A {Lipschitz} condition preserving extension for a vector function},
	volume = {67},
	number = {1},
	journal = {American Journal of Mathematics},
	author = {Valentine, Frederick Albert},
	year = {1945},
	pages = {83--93}
}

@inproceedings{simonetto_smooth_2021,
	address = {Amsterdam},
	title = {Smooth {Strongly} {Convex} {Regression}},
	booktitle = {2020 28th {European} {Signal} {Processing} {Conference} ({EUSIPCO})},
	publisher = {IEEE},
	author = {Simonetto, Andrea},
	month = jan,
	year = {2021},
	pages = {2130--2134}
}



%%%%%%%%% SOFTWARE

@article{diamond_cvxpy_2016,
	title = {{CVXPY}: {A} {Python}-embedded modeling language for convex optimization},
	volume = {17},
	number = {83},
	journal = {Journal of Machine Learning Research},
	author = {Diamond, Steven and Boyd, Stephen},
	year = {2016},
	keywords = {convex optimization, software},
	pages = {1--5}
}


%%%%%%%%% OPERATOR THEORY

@article{ryu_operator_2020,
	title = {Operator {Splitting} {Performance} {Estimation}: {Tight} {Contraction} {Factors} and {Optimal} {Parameter} {Selection}},
	volume = {30},
	number = {3},
	journal = {SIAM Journal on Optimization},
	author = {Ryu, Ernest K. and Taylor, Adrien B. and Bergeling, Carolina and Giselsson, Pontus},
	year = {2020},
	pages = {2251--2271}
}

@book{bauschke_convex_2017,
	address = {Cham},
	edition = {2},
	series = {{CMS} books in mathematics},
	title = {Convex analysis and monotone operator theory in {Hilbert} spaces},
	publisher = {Springer},
	author = {Bauschke, Heinz H. and Combettes, Patrick L.},
	year = {2017}
}

@article{iutzeler_generic_2019,
	title = {A generic online acceleration scheme for optimization algorithms via relaxation and inertia},
	volume = {34},
	number = {2},
	journal = {Optimization Methods and Software},
	author = {Iutzeler, Franck and Hendrickx, Julien M},
	year = {2019},
	pages = {383--405}
}


%%%%%%%%% ONLINE OPTIMIZATION

@article{hazan_introduction_2016,
	title = {Introduction to {Online} {Convex} {Optimization}},
	volume = {2},
	number = {3-4},
	journal = {Foundations and TrendsÂ® in Optimization},
	author = {Hazan, Elad},
	year = {2016},
	pages = {157--325}
}
